<?xml version="1.0" encoding="UTF-8"?><collection xmlns="http://www.loc.gov/MARC21/slim"><record><leader>00458nam--2200145-i-4500</leader><controlfield tag="001">000013264</controlfield><controlfield tag="002">20161230</controlfield><controlfield tag="005">20170106164647</controlfield><controlfield tag="008">060222s1000------------r-----000-0-eng-d</controlfield><datafield ind1=" " ind2=" " tag="245"><subfield code="a">Diffraction and imaging techniques in material science. Vol.2: Imaging and diffraction technique</subfield></datafield><datafield ind1=" " ind2=" " tag="260"><subfield code="a">Amsterdam</subfield><subfield code="b">North-Holland Publ.Co</subfield><subfield code="c">1978</subfield></datafield><datafield ind1=" " ind2=" " tag="300"><subfield code="a">IX+457847+XVII</subfield></datafield><datafield ind1=" " ind2=" " tag="700"><subfield code="a">Gevers, R</subfield></datafield><datafield ind1=" " ind2=" " tag="852"><subfield code="a">620.179.15:537.533.35:620.187</subfield></datafield><datafield ind1=" " ind2=" " tag="CAT"><subfield code="a">SYS</subfield><subfield code="c">20170106</subfield><subfield code="h">164647</subfield></datafield></record></collection>